<record><leader>00000cas a22000007a 4500</leader><controlfield tag="001">16076873</controlfield><controlfield tag="008">870626d19521967iauwr ne      0    0eng d</controlfield><datafield ind1=" " ind2=" " tag="010"><subfield code="a">sn 87058378 </subfield></datafield><datafield ind1=" " ind2=" " tag="040"><subfield code="a">INP</subfield><subfield code="b">eng</subfield><subfield code="c">INP</subfield><subfield code="d">OCLCQ</subfield></datafield><datafield ind1=" " ind2=" " tag="042"><subfield code="a">msc</subfield></datafield><datafield ind1="0" ind2=" " tag="130"><subfield code="a">Arlington news (Arlington, Iowa : 1952)</subfield></datafield><datafield ind1="1" ind2="4" tag="245"><subfield code="a">The Arlington news.</subfield></datafield><datafield ind1=" " ind2=" " tag="260"><subfield code="a">Arlington, Iowa :</subfield><subfield code="b">[s.n.],</subfield><subfield code="c">1952-1967.</subfield></datafield><datafield ind1=" " ind2=" " tag="300"><subfield code="a">12 v.</subfield></datafield><datafield ind1=" " ind2=" " tag="310"><subfield code="a">Weekly</subfield></datafield><datafield ind1="0" ind2=" " tag="362"><subfield code="a">Vol. 74, [no. 36] (Jan. 3, 1952)-v. 74, no. 39 (Jan. 24, 1952) ; v. 26, no. 5 (Jan. 31, 1952) ; v. 1, no. 41 (Feb. 7, 1952)-v. 12, no. 36 (July 20, 1967).</subfield></datafield><datafield ind1=" " ind2=" " tag="515"><subfield code="a">Vol. 74, no. 36 (Jan. 3, 1952) misnumbered v. 74, no. 35.</subfield></datafield><datafield ind1=" " ind2=" " tag="752"><subfield code="a">United States</subfield><subfield code="b">Iowa</subfield><subfield code="c">Fayette</subfield><subfield code="d">Arlington.</subfield></datafield><datafield ind1="0" ind2="0" tag="785"><subfield code="t">Arlington progressive</subfield><subfield code="w">(DLC)sn 87058379</subfield></datafield></record>